@article{LAI2018282,
title = "A two-phase tabu-evolutionary algorithm for the 0–1 multidimensional knapsack problem",
journal = "Information Sciences",
volume = "436-437",
pages = "282 - 301",
year = "2018",
issn = "0020-0255",
doi = "https://doi.org/10.1016/j.ins.2018.01.026",
url = "http://www.sciencedirect.com/science/article/pii/S0020025518300367",
author = "Xiangjing Lai and Jin-Kao Hao and Fred Glover and Zhipeng Lü",
keywords = "Combinatorial optimization, Multidimensional knapsack problem, Solution-based tabu search, Meta-heuristics"
}